<zs:record><zs:recordSchema>marcxml</zs:recordSchema><zs:recordPacking>xml</zs:recordPacking><zs:recordData><record xmlns="http://www.loc.gov/MARC21/slim">
  <leader>02256cmm a22004337a 4500</leader>
  <controlfield tag="001">5003946</controlfield>
  <controlfield tag="005">20110222145848.0</controlfield>
  <controlfield tag="007">co cga||||||||</controlfield>
  <controlfield tag="008">970701s1995    cau    cq  m        eng  </controlfield>
  <datafield tag="906" ind1=" " ind2=" ">
    <subfield code="a">7</subfield>
    <subfield code="b">cbc</subfield>
    <subfield code="c">orignew</subfield>
    <subfield code="d">u</subfield>
    <subfield code="e">ncip</subfield>
    <subfield code="f">19</subfield>
    <subfield code="g">y-movingim</subfield>
  </datafield>
  <datafield tag="955" ind1=" " ind2=" ">
    <subfield code="a">vb25 07-01-97; vb22 to jd00/lb00 07-07-97; jd99 (subj) 07-09-97; lb09 07-11-97;</subfield>
    <subfield code="a">vb30 2002-12-19 added 130 (rev vb02 2002-12-19); qm14 2010-12-17</subfield>
  </datafield>
  <datafield tag="010" ind1=" " ind2=" ">
    <subfield code="a">   97802583 </subfield>
  </datafield>
  <datafield tag="017" ind1=" " ind2=" ">
    <subfield code="a">PA0000831620</subfield>
    <subfield code="b">U.S. Copyright Office</subfield>
  </datafield>
  <datafield tag="020" ind1=" " ind2=" ">
    <subfield code="a">1569972133</subfield>
  </datafield>
  <datafield tag="024" ind1="1" ind2=" ">
    <subfield code="a">9781569972137</subfield>
  </datafield>
  <datafield tag="035" ind1=" " ind2=" ">
    <subfield code="9">(DLC)   97802583</subfield>
  </datafield>
  <datafield tag="040" ind1=" " ind2=" ">
    <subfield code="a">DLC</subfield>
    <subfield code="c">DLC</subfield>
    <subfield code="d">DLC</subfield>
  </datafield>
  <datafield tag="050" ind1="0" ind2="0">
    <subfield code="a">HAA 0029</subfield>
  </datafield>
  <datafield tag="082" ind1="1" ind2="0">
    <subfield code="a">567.9</subfield>
    <subfield code="2">12</subfield>
  </datafield>
  <datafield tag="130" ind1="0" ind2=" ">
    <subfield code="a">Dinosaur adventure 3-D</subfield>
  </datafield>
  <datafield tag="245" ind1="1" ind2="0">
    <subfield code="a">3-D dinosaur adventure.</subfield>
  </datafield>
  <datafield tag="246" ind1="3" ind2=" ">
    <subfield code="a">Three-dimensional dinosaur adventure</subfield>
  </datafield>
  <datafield tag="256" ind1=" " ind2=" ">
    <subfield code="a">Computer data and program.</subfield>
  </datafield>
  <datafield tag="260" ind1=" " ind2=" ">
    <subfield code="a">Glendale, CA :</subfield>
    <subfield code="b">Knowledge Adventure,</subfield>
    <subfield code="c">c1995.</subfield>
  </datafield>
  <datafield tag="300" ind1=" " ind2=" ">
    <subfield code="a">1 computer laser optical disc ;</subfield>
    <subfield code="c">4 3/4 in. +</subfield>
    <subfield code="e">1 user's guide + 1 quick reference guide + 2 pairs of three-dimensional eyeglasses.</subfield>
  </datafield>
  <datafield tag="538" ind1=" " ind2=" ">
    <subfield code="a">System requirements for PC: 486SX/25MHz processor or higher; 8MB RAM; Windows 3.1, 3.11, or 95; SVGA 256-color graphics adapter; hard drive with 5MB free space; double-speed CD-ROM drive; MPC-compatible sound card; mouse.</subfield>
  </datafield>
  <datafield tag="538" ind1=" " ind2=" ">
    <subfield code="a">System requirements for Macintosh: 68040 or Power PC processor; 8MB RAM; System 7.0 or higher; 256-color graphics capability; thirteen-inch color monitor or larger; hard drive with 4MB free space; double-speed CD-ROM drive.</subfield>
  </datafield>
  <datafield tag="500" ind1=" " ind2=" ">
    <subfield code="a">Title from disc label.</subfield>
  </datafield>
  <datafield tag="521" ind1=" " ind2=" ">
    <subfield code="a">Ages 5 to 10.</subfield>
  </datafield>
  <datafield tag="520" ind1=" " ind2=" ">
    <subfield code="a">Employs a dinosaur theme-park setting to introduce users to Triassic, Jurassic, and Cretaceous periods. Features hypertext dinosaur encyclopedia covering 150 million years of paleontology. Includes animated video simulations, three-dimensional dinosaur museum, narration, games, activities, and color illustrations.</subfield>
  </datafield>
  <datafield tag="500" ind1=" " ind2=" ">
    <subfield code="a">Not viewed.</subfield>
  </datafield>
  <datafield tag="500" ind1=" " ind2=" ">
    <subfield code="a">Source used: Copyright catalog online.</subfield>
  </datafield>
  <datafield tag="650" ind1=" " ind2="0">
    <subfield code="a">Dinosaurs</subfield>
    <subfield code="v">Juvenile software.</subfield>
  </datafield>
  <datafield tag="655" ind1=" " ind2="0">
    <subfield code="a">Educational games.</subfield>
  </datafield>
  <datafield tag="655" ind1=" " ind2="0">
    <subfield code="a">Video games.</subfield>
  </datafield>
  <datafield tag="710" ind1="2" ind2=" ">
    <subfield code="a">Knowledge Adventure, Inc.</subfield>
  </datafield>
  <datafield tag="710" ind1="2" ind2=" ">
    <subfield code="a">Copyright Collection (Library of Congress)</subfield>
    <subfield code="5">DLC</subfield>
  </datafield>
  <datafield tag="753" ind1=" " ind2=" ">
    <subfield code="a">PC</subfield>
    <subfield code="c">Windows 3.1</subfield>
  </datafield>
  <datafield tag="753" ind1=" " ind2=" ">
    <subfield code="a">Macintosh</subfield>
    <subfield code="c">System 7.0</subfield>
  </datafield>
</record></zs:recordData><zs:recordPosition>2</zs:recordPosition></zs:record>