<zs:record><zs:recordSchema>marcxml</zs:recordSchema><zs:recordPacking>xml</zs:recordPacking><zs:recordData><record xmlns="http://www.loc.gov/MARC21/slim">
  <leader>01780ngm a22003495a 4500</leader>
  <controlfield tag="001">11731470</controlfield>
  <controlfield tag="005">00000000000000.0</controlfield>
  <controlfield tag="008">990512s1995    xx                vlund  </controlfield>
  <datafield tag="035" ind1=" " ind2=" ">
    <subfield code="9">(DLC)   99405798</subfield>
  </datafield>
  <datafield tag="906" ind1=" " ind2=" ">
    <subfield code="a">0</subfield>
    <subfield code="b">ibc</subfield>
    <subfield code="c">orignew</subfield>
    <subfield code="d">u</subfield>
    <subfield code="e">ncip</subfield>
    <subfield code="f">19</subfield>
    <subfield code="g">y-movingim</subfield>
  </datafield>
  <datafield tag="010" ind1=" " ind2=" ">
    <subfield code="a">   99405798 </subfield>
  </datafield>
  <controlfield tag="007">v| ||||||</controlfield>
  <datafield tag="017" ind1=" " ind2=" ">
    <subfield code="a">PA916-803</subfield>
    <subfield code="b">U.S. Copyright Office</subfield>
  </datafield>
  <datafield tag="040" ind1=" " ind2=" ">
    <subfield code="a">DLC</subfield>
    <subfield code="c">DLC</subfield>
    <subfield code="e">amim</subfield>
  </datafield>
  <datafield tag="050" ind1="0" ind2="0">
    <subfield code="a">VAG 3383 (viewing copy)</subfield>
  </datafield>
  <datafield tag="245" ind1="0" ind2="0">
    <subfield code="a">Acorn, the nature nut.</subfield>
    <subfield code="p">Giant dumbos of the past /</subfield>
    <subfield code="c">a co-production between Great North Productions Inc. [and] Evergreen Program Developments ; produced in association with Discovery Channel Canada ; directed by Brian Dooley.</subfield>
  </datafield>
  <datafield tag="246" ind1="3" ind2="0">
    <subfield code="a">Giant dumbos of the past</subfield>
  </datafield>
  <datafield tag="260" ind1=" " ind2=" ">
    <subfield code="c">1995.</subfield>
  </datafield>
  <datafield tag="300" ind1=" " ind2=" ">
    <subfield code="a">1 videocassette of 1 (VHS) :</subfield>
    <subfield code="b">sd., col. ;</subfield>
    <subfield code="c">1/2 in. viewing copy.</subfield>
  </datafield>
  <datafield tag="500" ind1=" " ind2=" ">
    <subfield code="a">Copyright: Great North Productions Inc. PUB 6Dec95; PA916-803.</subfield>
  </datafield>
  <datafield tag="500" ind1=" " ind2=" ">
    <subfield code="a">Number 25.</subfield>
  </datafield>
  <datafield tag="511" ind1="0" ind2=" ">
    <subfield code="a">Host: John Acorn.</subfield>
  </datafield>
  <datafield tag="520" ind1=" " ind2=" ">
    <subfield code="a">You might think the dinosaur craze has peaked, that this theme has been approached from just about every possible angle, until you take John Acorn's tour of the dinosaur world today.</subfield>
  </datafield>
  <datafield tag="500" ind1=" " ind2=" ">
    <subfield code="a">Summary from Great North Productions Inc. WWW site, 4/19/1999.</subfield>
  </datafield>
  <datafield tag="500" ind1=" " ind2=" ">
    <subfield code="a">Sources used: copyright data sheet; Television programming source books, series, 1998-99, p. S-664-665; Discovery Channel (Canada) WWW site, 4/19/1999.</subfield>
  </datafield>
  <datafield tag="541" ind1=" " ind2=" ">
    <subfield code="d">Received: 2/12/1999;</subfield>
    <subfield code="3">viewing copy;</subfield>
    <subfield code="c">copyright deposit---no agreement;</subfield>
    <subfield code="a">Copyright Collection.</subfield>
  </datafield>
  <datafield tag="655" ind1=" " ind2="7">
    <subfield code="a">Nature</subfield>
    <subfield code="v">Television series.</subfield>
    <subfield code="2">migfg</subfield>
  </datafield>
  <datafield tag="655" ind1=" " ind2="7">
    <subfield code="a">Documentary</subfield>
    <subfield code="v">Television series.</subfield>
    <subfield code="2">migfg</subfield>
  </datafield>
  <datafield tag="655" ind1=" " ind2="7">
    <subfield code="a">Educational</subfield>
    <subfield code="v">Television series.</subfield>
    <subfield code="2">migfg</subfield>
  </datafield>
  <datafield tag="710" ind1="2" ind2=" ">
    <subfield code="a">Copyright Collection (Library of Congress)</subfield>
    <subfield code="5">DLC</subfield>
  </datafield>
  <datafield tag="953" ind1=" " ind2=" ">
    <subfield code="a">TE01</subfield>
  </datafield>
  <datafield tag="991" ind1=" " ind2=" ">
    <subfield code="b">c-MP&amp;TV</subfield>
    <subfield code="h">VAG 3383 (viewing copy)</subfield>
    <subfield code="w">MUMS VM File</subfield>
  </datafield>
</record></zs:recordData><zs:recordPosition>10</zs:recordPosition></zs:record></zs:records><zs:nextRecordPosition>11</zs:nextRecordPosition><zs:echoedSearchRetrieveRequest><zs:version>1.1</zs:version><zs:query>dinosaur</zs:query><zs:startRecord>1</zs:startRecord><zs:maximumRecords>10</zs:maximumRecords><zs:recordPacking>xml</zs:recordPacking><zs:recordSchema>marcxml</zs:recordSchema></zs:echoedSearchRetrieveRequest></zs:searchRetrieveResponse>
